<?xml version="1.0" encoding="UTF-8"?><collection xmlns="http://www.loc.gov/MARC21/slim"><record><leader>00320nam--2200121-i-4500</leader><controlfield tag="001">000021808</controlfield><controlfield tag="002">20161230</controlfield><controlfield tag="005">20161230201034</controlfield><controlfield tag="008">060222s1000------------r-----000-0-eng-d</controlfield><datafield ind1=" " ind2=" " tag="245"><subfield code="a">Statistical methods in radio wave propagation</subfield></datafield><datafield ind1=" " ind2=" " tag="260"><subfield code="a">London, Pergamon Press, 1960, Xiii + 334p</subfield></datafield><datafield ind1=" " ind2=" " tag="700"><subfield code="a">Hoffman, W.C</subfield></datafield><datafield ind1=" " ind2=" " tag="852"><subfield code="a">15773</subfield></datafield></record></collection>